%% Created using Papers on Mon, 05 Nov 2012.
%% http://mekentosj.com/papers/

@inproceedings{Rawat:2011bm,
author = {Rawat, S S and Rajamani, L},
title = {{Probability apriori based approach to mine rare association rules}},
booktitle = {Data Mining and Optimization (DMO), 2011 3rd Conference on},
year = {2011},
pages = {253--258}
}

@article{Sadhasivam:2011vs,
author = {Sadhasivam, KSC and Angamuthu, T},
title = {{Mining Rare Itemset with Automated Support Thresholds}},
journal = {Journal of Computer Science},
year = {2011}
}

@article{Weiss:2004tf,
author = {Weiss, G M},
title = {{Mining with rarity: a unifying framework}},
journal = {Sigkdd Explorations},
year = {2004},
volume = {6},
number = {1},
pages = {7--19}
}

@article{Liu:1999vk,
author = {Liu, B and Hsu, W and Ma, Y},
title = {{Mining association rules with multiple minimum supports}},
year = {1999},
pages = {337--341}
}

